<?xml version="1.0" encoding="UTF-8"?><record xmlns="http://www.loc.gov/MARC21/slim" xmlns:cinclude="http://apache.org/cocoon/include/1.0" xmlns:zs="http://www.loc.gov/zing/srw/">
  <leader>00495cz  a2200133n  4500</leader>
  <controlfield tag="001">n  00091433 </controlfield>
  <controlfield tag="003">DLC</controlfield>
  <controlfield tag="005">20090923074813.0</controlfield>
  <controlfield tag="008">000726n| acannaabn          |n aaa      </controlfield>
  <datafield tag="010" ind1=" " ind2=" ">
    <subfield code="a">n  00091433 </subfield>
  </datafield>
  <datafield tag="040" ind1=" " ind2=" ">
    <subfield code="a">DLC</subfield>
    <subfield code="b">eng</subfield>
    <subfield code="c">DLC</subfield>
    <subfield code="d">DLC</subfield>
  </datafield>
  <datafield tag="100" ind1="1" ind2=" ">
    <subfield code="a">Webb, Clive,</subfield>
    <subfield code="d">1970-</subfield>
  </datafield>
  <datafield tag="670" ind1=" " ind2=" ">
    <subfield code="a">Webb, Clive. Fight against fear, 2001:</subfield>
    <subfield code="b">CIP t.p. (Clive Webb) data sheet (b. Jul. 28, 1970)</subfield>
  </datafield>
  <datafield tag="670" ind1=" " ind2=" ">
    <subfield code="a">Rabble rousers, 2010:</subfield>
    <subfield code="b">ECIP t.p. (Clive Webb) data view (b. 1970; reader in North American history, University of Sussex)</subfield>
  </datafield>
</record>